<?xml version="1.0" encoding="UTF-8"?><collection><record><leader>05902ntm a2200529 a 4500</leader><controlfield tag="001">005988878</controlfield><controlfield tag="003">MiAaHDL</controlfield><controlfield tag="005">20190719000000.0</controlfield><controlfield tag="006">m        d        </controlfield><controlfield tag="007">cr bn ---auaua</controlfield><controlfield tag="008">090406s14uu    xx            00| ||ara d</controlfield><datafield tag="035" ind1=" " ind2=" "><subfield code="a">(MiU)005988878</subfield></datafield><datafield tag="035" ind1=" " ind2=" "><subfield code="a">sdr-miu005988878</subfield></datafield><datafield tag="040" ind1=" " ind2=" "><subfield code="a">MiU</subfield><subfield code="c">MiU</subfield><subfield code="e">amremm</subfield></datafield><datafield tag="043" ind1=" " ind2=" "><subfield code="a">n-us-mi</subfield></datafield><datafield tag="100" ind1="1" ind2=" "><subfield code="6">880-01</subfield><subfield code="a">Fanārī, Ḥasan ibn Muḥammad Shāh,</subfield><subfield code="d">1436 or 1437-1481.</subfield></datafield><datafield tag="245" ind1="1" ind2="0"><subfield code="6">880-03</subfield><subfield code="a">Ḥawāshī al-Mawāqif,</subfield><subfield code="f">[15th century?].</subfield></datafield><datafield tag="246" ind1="3" ind2=" "><subfield code="i">From label on fore-edge flap:</subfield><subfield code="a">حاشية حسن چلبي على شرح المواقف</subfield></datafield><datafield tag="246" ind1="3" ind2=" "><subfield code="i">From inscription on fol.1a (p.1):</subfield><subfield code="a">حسن چلبي للمواقف</subfield></datafield><datafield tag="260" ind1=" " ind2=" "><subfield code="c">[14--?]</subfield></datafield><datafield tag="300" ind1=" " ind2=" "><subfield code="a">147 leaves :</subfield><subfield code="b">paper ;</subfield><subfield code="c">260 x 175 (195 x 105) mm. bound to 260 x 180 mm.</subfield></datafield><datafield tag="500" ind1=" " ind2=" "><subfield code="a">Shelfmark: Ann Arbor, University of Michigan, Special Collections Library, Isl. Ms. 39</subfield></datafield><datafield tag="500" ind1=" " ind2=" "><subfield code="a">Origin: Lacks dated colophon. Paper may suggest 15th century.</subfield></datafield><datafield tag="500" ind1=" " ind2=" "><subfield code="a">Former shelfmark: British Museum, London "No. 26. Glosses on al-Mawakif." ; possible former shelfmark "۲٥" on fol.1a (p.1).</subfield></datafield><datafield tag="500" ind1=" " ind2=" "><subfield code="a">Binding: Pasteboards covered in red brown leather ; Type II binding (with flap) ; doublures in brown leather ; upper and lower covers each bear a superbly executed gold-tooled mandorla accented by fine rope border extending to form pendants and filled with interlace (compare Weisweiler W 89-95), along with tooled rope border and gold-tooled cornerpieces ; design is continued on envelope flap ; sewn in cream thread, two stations, though sewing broken or completely lost in many quires ; many loose leaves ; endbands virtually gone, only traces remain ; in fair condition with abrasion, staining, lifting of leather at spine and fore-edge though cover is nearly entirely detached from textblock and ill-fitting (large).</subfield></datafield><datafield tag="500" ind1=" " ind2=" "><subfield code="a">Support: non-European (likely Arab) laid paper with 8-9 laid lines per cm. (horizontal) and chain lines arranged in groups of three (vertical) with 9-14 mm. between the chains and 31-42 mm. between the groups.</subfield></datafield><datafield tag="500" ind1=" " ind2=" "><subfield code="a">Decoration: Text rubricated with keywords, section headings, overlining, etc. in red.</subfield></datafield><datafield tag="500" ind1=" " ind2=" "><subfield code="a">Script: Nastaʻlīq (talik) ; elegant Turkish (?) hand ; virtually serifless ; effect of slight tilt to the right and occasional descent of words to the baseline ; final words and letters of lines occasionally superscript ; mainly closed counters ; some sweeping descenders, more tapered ; some free assimilation of letters ; point of nūn assimilated with bowl.</subfield></datafield><datafield tag="500" ind1=" " ind2=" "><subfield code="a">Layout: Written in 29 lines per page ; frame-ruled (impression of ruling board evident).</subfield></datafield><datafield tag="500" ind1=" " ind2=" "><subfield code="a">Collation: V+1 (11), V (21), VI (33), 3 V(63), I (65), 6 V(125), I (127), 2 V(147) ; chiefly quinions ; mid-bifolium of second quire was mistakenly placed between first and second quire such that it was mistakenly paginated pp.23-26, now correctly placed between pp.34-35 ; catchwords present though occasionally lacking, consistently appear on final leaf of each quire ; pagination in pencil, Western numerals, supplied during digitization.</subfield></datafield><datafield tag="500" ind1=" " ind2=" "><subfield code="a">Explicit: "هذا انما يكون مجازا مفارقا للكذب ولو وجد بجد في نية ... ارادة ... ولم يوخذ ... لا نهي [؟] تم بعون الله عز وجل"</subfield></datafield><datafield tag="500" ind1=" " ind2=" "><subfield code="a">Incipit: "الحمد لله الذي تولهت الافهام في كبرياء ذاته وتحيرت الاوهام في عظمة صفاته ... وبعد فاعلموا ان معاشر طلاب اليقين سلام عليكم لا نبتغى الجاهلين ان اصحاب العقل متطابقون"</subfield></datafield><datafield tag="500" ind1=" " ind2=" "><subfield code="a">Title from inscription on fol.1a (p.1).</subfield></datafield><datafield tag="500" ind1=" " ind2=" "><subfield code="a">Ms. codex.</subfield></datafield><datafield tag="510" ind1="4" ind2=" "><subfield code="a">Brockelmann, C. GAL,</subfield><subfield code="c">II, 208</subfield></datafield><datafield tag="520" ind1="8" ind2=" "><subfield code="a">Fine copy of the gloss of Ḥasan Chalabī on al-Jurjānī's commentary on the work of al-Ījī, al-Mawāqif fī ʻilm al-kalām, on scholastic theology.</subfield></datafield><datafield tag="538" ind1=" " ind2=" "><subfield code="a">Mode of access: Internet.</subfield></datafield><datafield tag="541" ind1=" " ind2=" "><subfield code="c">Purchase ;</subfield><subfield code="a">Acquired by purchase along with Abdul Hamid Collection (funds donated by Horace Rackham).</subfield><subfield code="d">1924.</subfield></datafield><datafield tag="546" ind1=" " ind2=" "><subfield code="a">Arabic.</subfield></datafield><datafield tag="561" ind1=" " ind2=" "><subfield code="a">Bookplate of British Museum, London on inner front cover, "British Museum, London. No. 26. Glosses on al-Mawakif." ; circular seal impression with figure of goat/gazelle in purple ink as well as inscription "181" in Western numerals on fol.1a (p.1) ; ownership statement (accompanied by oval seal impression) "تملكه الفقير السيد عبد الله المفتى بارزنجان ..." and waqf statement "وقف السيد الحاج عبد الله المفتى بكتب خانه المعموره بارزنجان سنه ١١۸۱" in name of al-Sayyid al-Ḥājj ʻAbd Allāh, muftī in Erzincan on fol.1a (p.1) ; also on fol.1a (p.1) an ownership/purchase statement " ... في سلك ملك المحتاج الى الله ... الفقير الضعيف ... علي اشتريت هذا الكتاب في ۱۴ [؟] رمضان المبارك" and another ownership statement "على چلبى افندى" ; on fol.147b (p.294) an ownership statement reading, " بو فقير بو كتاب ... اسكدار مدرس محمود چلبى افندى ..." ; marginal corrections and glosses ; collation marks "بلغ" appear regularly throughout ; at least one thread tab (finger tab, bookmarker).</subfield></datafield><datafield tag="600" ind1="1" ind2="0"><subfield code="a">Jurjānī, ʻAlī ibn Muḥammad,</subfield><subfield code="c">al-Sayyid al-Sharīf,</subfield><subfield code="d">1340-1413.</subfield><subfield code="t">Sharḥ al-Mawāqif.</subfield></datafield><datafield tag="600" ind1="1" ind2="0"><subfield code="a">Ījī, ʻAḍud al-Dīn ʻAbd al-Raḥmān ibn Aḥmad,</subfield><subfield code="d">-1355?</subfield><subfield code="t">Mawāqif fī ʻilm al-kalām.</subfield></datafield><datafield tag="650" ind1=" " ind2="0"><subfield code="a">Manuscripts, Arabic</subfield><subfield code="z">Michigan</subfield><subfield code="z">Ann Arbor.</subfield></datafield><datafield tag="650" ind1=" " ind2="0"><subfield code="a">Islam</subfield><subfield code="x">Doctrines</subfield><subfield code="v">Early works to 1800.</subfield></datafield><datafield tag="773" ind1="0" ind2=" "><subfield code="a">Tiflis Collection.</subfield></datafield><datafield tag="880" ind1="1" ind2="0"><subfield code="6">245-03/</subfield><subfield code="a">حواشي المواقف,</subfield><subfield code="f">[القرن 15م؟].</subfield></datafield><datafield tag="880" ind1="1" ind2=" "><subfield code="6">100-01/</subfield><subfield code="a">.فناري، حسن بن محمد شاه</subfield></datafield><datafield tag="CID" ind1=" " ind2=" "><subfield code="a">005988878</subfield></datafield><datafield tag="DAT" ind1="0" ind2=" "><subfield code="a">20190719102633.0</subfield><subfield code="b">20190719000000.0</subfield></datafield><datafield tag="DAT" ind1="1" ind2=" "><subfield code="a">20190719090653.0</subfield><subfield code="b">2019-07-19T16:11:08Z</subfield></datafield><datafield tag="DAT" ind1="2" ind2=" "><subfield code="a">2015-10-10T18:00:06Z</subfield></datafield><datafield tag="CAT" ind1=" " ind2=" "><subfield code="a">SDR-MIU</subfield><subfield code="d">EX LIBRIS - ALEPH</subfield><subfield code="l">prepare.pl-004-008</subfield></datafield><datafield tag="FMT" ind1=" " ind2=" "><subfield code="a">BK</subfield></datafield><datafield tag="HOL" ind1=" " ind2=" "><subfield code="0">sdr-miu005988878</subfield><subfield code="a">MiU</subfield><subfield code="b">SDR</subfield><subfield code="c">MIU</subfield><subfield code="p">mdp.39015079105659</subfield><subfield code="s">MIU</subfield><subfield code="1">005988878</subfield></datafield><datafield tag="974" ind1=" " ind2=" "><subfield code="b">MIU</subfield><subfield code="c">MIU</subfield><subfield code="d">20190719</subfield><subfield code="s">lit-dlps-dc</subfield><subfield code="u">mdp.39015079105659</subfield><subfield code="y">1499</subfield><subfield code="r">pd</subfield><subfield code="q">bib</subfield><subfield code="t">non-US bib date1 &lt; 1896</subfield></datafield></record></collection>